<record><leader>00000cas a22000007a 4500</leader><controlfield tag="001">10205719</controlfield><controlfield tag="008">831209d18691875paudn ne      0    0eng d</controlfield><datafield ind1=" " ind2=" " tag="010"><subfield code="a">sn 83032192 </subfield></datafield><datafield ind1=" " ind2=" " tag="040"><subfield code="a">NPU</subfield><subfield code="b">eng</subfield><subfield code="c">NPU</subfield><subfield code="d">NPX</subfield><subfield code="d">NPH</subfield><subfield code="d">OCLCQ</subfield></datafield><datafield ind1=" " ind2=" " tag="042"><subfield code="a">msc</subfield></datafield><datafield ind1="0" ind2="0" tag="245"><subfield code="a">Corry daily blade.</subfield></datafield><datafield ind1="1" ind2="3" tag="246"><subfield code="a">Daily blade</subfield></datafield><datafield ind1=" " ind2=" " tag="260"><subfield code="a">Corry, Pa. :</subfield><subfield code="b">Joseph A. Pain</subfield></datafield><datafield ind1=" " ind2=" " tag="300"><subfield code="a">v. ;</subfield><subfield code="c">60 cm.</subfield></datafield><datafield ind1=" " ind2=" " tag="310"><subfield code="a">Daily (except Sun.)</subfield></datafield><datafield ind1="1" ind2=" " tag="362"><subfield code="a">Began with Jan. 1, 1869 issue; ceased with June 12, 1875 issue.</subfield></datafield><datafield ind1=" " ind2=" " tag="500"><subfield code="a">Republican. Cf. Rowell, 1870.</subfield></datafield><datafield ind1=" " ind2=" " tag="580"><subfield code="a">Weekly ed.: Corry telegraph.</subfield></datafield><datafield ind1=" " ind2=" " tag="580"><subfield code="a">Continues: Daily itemizer. Cf. Nelson's biog. dict. ... of Erie Co., Pa., 1896.</subfield></datafield><datafield ind1=" " ind2=" " tag="588"><subfield code="a">Description based on: Vol. 2, no. 207 (May 21, 1870).</subfield></datafield><datafield ind1=" " ind2=" " tag="752"><subfield code="a">United States</subfield><subfield code="b">Pennsylvania</subfield><subfield code="c">Erie</subfield><subfield code="d">Corry.</subfield></datafield><datafield ind1="1" ind2=" " tag="775"><subfield code="t">Corry telegraph</subfield><subfield code="w">(DLC)sn 83032191</subfield></datafield><datafield ind1="1" ind2="0" tag="780"><subfield code="t">Daily itemizer</subfield></datafield><datafield ind1="1" ind2=" " tag="029"><subfield code="a">AU@</subfield><subfield code="b">000025835614</subfield></datafield></record>